<?xml version="1.0" encoding="UTF-8"?><collection><record><leader>07110ntm a2200589 a 4500</leader><controlfield tag="001">006805288</controlfield><controlfield tag="003">MiAaHDL</controlfield><controlfield tag="005">20190719000000.0</controlfield><controlfield tag="006">m        d        </controlfield><controlfield tag="007">cr bn ---auaua</controlfield><controlfield tag="008">090531s1613    xx            00| ||ara d</controlfield><datafield tag="035" ind1=" " ind2=" "><subfield code="a">(MiU)006805288</subfield></datafield><datafield tag="035" ind1=" " ind2=" "><subfield code="a">sdr-miu006805288</subfield></datafield><datafield tag="040" ind1=" " ind2=" "><subfield code="a">MiU</subfield><subfield code="c">MiU</subfield><subfield code="e">amremm</subfield></datafield><datafield tag="043" ind1=" " ind2=" "><subfield code="a">n-us-mi</subfield></datafield><datafield tag="100" ind1="1" ind2=" "><subfield code="6">880-01</subfield><subfield code="a">Ḥiṣnī, Taqī al-Dīn Abū Bakr ibn Muḥammad,</subfield><subfield code="d">1351 or 1352-1426.</subfield></datafield><datafield tag="245" ind1="1" ind2="0"><subfield code="6">880-03</subfield><subfield code="a">Kitāb Qamʻ al-nufūs wa ruqyat al-maʼyūs,</subfield><subfield code="f">[1022, i.e. 1613].</subfield></datafield><datafield tag="260" ind1=" " ind2=" "><subfield code="c">[1613].</subfield></datafield><datafield tag="300" ind1=" " ind2=" "><subfield code="a">78 leaves :</subfield><subfield code="b">paper ;</subfield><subfield code="c">210 x 160 (145 x 93) mm.</subfield></datafield><datafield tag="500" ind1=" " ind2=" "><subfield code="a">Shelfmark: Ann Arbor, University of Michigan, Special Collections Library, Isl. Ms. 602</subfield></datafield><datafield tag="500" ind1=" " ind2=" "><subfield code="a">Origin: As appears in colophon on p.154, transcription completed 13 Rabīʻ II 1022 [ca. 2 June 1613].</subfield></datafield><datafield tag="500" ind1=" " ind2=" "><subfield code="a">Accompanying materials: a. Inventory cataloguing slip in hand of Winifred Smeaton Thomas -- b. Acquisitions slip from Yahuda. -- c. Slip with note of Winifred Smeaton Thomas on missing leaf between pp.40-41.</subfield></datafield><datafield tag="500" ind1=" " ind2=" "><subfield code="a">Former shelfmark: From interior of upper cover and spine label "IL 281" (likely supplied by Yahuda, see acquisitions slip).</subfield></datafield><datafield tag="500" ind1=" " ind2=" "><subfield code="a">Binding: Pasteboards covered in brown leathers (appear to have been cut down from already covered and decorated larger boards and the cut edges covered in another leather) ; Type II binding (with flap) ; board linings in untinted laid paper ; upper and lower covers carry tooled central binding binding ornament consisting of three dodecagons (accented with gold-paint) inscribed within a circle (compare Weisweiler class. W 24) surrounded by a heavy band in a series of s-shapes set in rules as well as an outermost series of x-shaped stamps with radiating gold-painted strokes (x-shaped stamps also appear within the dodecagons) ; detached floral pendants and a rule border complete the composition ; sewing mainly gone though two stations evident, many bifolia split ; overall in poor condition with much abrasion, staining, delamination of boards, lifting and losses of leather, etc. ; likely never attached to text block (simply serves as a wrapper).</subfield></datafield><datafield tag="500" ind1=" " ind2=" "><subfield code="a">Support: European laid paper with 8 laid lines per cm. (vertical), chain lines spaced 26-27 mm. apart (horizontal), and anchor in circle with leaf above watermark (see pp.12-13, etc.) ; burnished to glossy, sturdy and dark cream in color.</subfield></datafield><datafield tag="500" ind1=" " ind2=" "><subfield code="a">Decoration: Keywords accented with red (over elongated horizontal strokes) ; textual dividers in the form of red discs ; some abbreviation symbols rubricated.</subfield></datafield><datafield tag="500" ind1=" " ind2=" "><subfield code="a">Script: Naskh ; neat, round 'Syrian' or Egyptian [?] hand in a medium line ; virtually serifless with slight effect of tilt to the left, curvilinear descenders, pointing mainly in distinct or conjoined dots, partially vocalized.</subfield></datafield><datafield tag="500" ind1=" " ind2=" "><subfield code="a">Layout: Written in 19 lines per page ; frame-ruled.</subfield></datafield><datafield tag="500" ind1=" " ind2=" "><subfield code="a">Collation: i, V (10), V-1 (19), 5 V(69), IV-1 (76), i ; chiefly quinions ; pagination in pencil, Western numerals, supplied during digitization (includes flyleaves).</subfield></datafield><datafield tag="500" ind1=" " ind2=" "><subfield code="a">Colophon: "Scribal," rectangular, reads "وكان الفراغ من كتابته يوم الاحد وقت العصر ثالث عشر ربيع الثاني سنة اثنين وعشرين والف من الهجرة النبوية على صاحبها افضل الصلاة والسلام وحسبنا الله ونعم الوكيل ولا حول ولا قوة الا بالله العلي العظيم فسيكفيكهم الله وهو السميع العليم"</subfield></datafield><datafield tag="500" ind1=" " ind2=" "><subfield code="a">Explicit: "ان الذين من قبلكم بنوا مشيدا واملوا بعيدا وجمعوا كثيرا فاصبح املهم غرورا وجمعهم بورا ومساكنهم قبورا قال مصنفه رحمه الله جمعت هذه الاحرف بالقدس الشريف راجيا من الرب اللطيف العفو عما اجترحته وصيعت وقتي فيه بالتسويف تم الكتاب بحمد الله وعونه وحسن توفيقه"</subfield></datafield><datafield tag="500" ind1=" " ind2=" "><subfield code="a">Incipit: "الحمد لله الذي خلق الموجودات من ظلمة العدم بنور الايجاد ... وبعد فان الناس كانوا في الجاهلية جهلا وعمية عميا ..."</subfield></datafield><datafield tag="500" ind1=" " ind2=" "><subfield code="a">Title from 'title page' (p.3).</subfield></datafield><datafield tag="500" ind1=" " ind2=" "><subfield code="a">Ms. codex.</subfield></datafield><datafield tag="510" ind1="4" ind2=" "><subfield code="a">Ḥājjī Khalīfah. Kashf al-ẓunūn,</subfield><subfield code="c">iv 570, no.9589 (2/1356)</subfield></datafield><datafield tag="510" ind1="4" ind2=" "><subfield code="a">Brockelmann, C. GAL,</subfield><subfield code="c">II 95 (25. / no. 6)</subfield></datafield><datafield tag="520" ind1="8" ind2=" "><subfield code="a">Fine copy of the work of anecdotes from the life of the prophet, the first four Caliphs, and the Umayyads (see Brockelmann, C. GAL, II 95, 25. / no.6).</subfield></datafield><datafield tag="538" ind1=" " ind2=" "><subfield code="a">Mode of access: Internet.</subfield></datafield><datafield tag="541" ind1=" " ind2=" "><subfield code="a">Acquired in 1926 from the bookseller Isaac Benjamin S.E. Yahuda via purchase transacted on his behalf by Abraham Shalom Yahuda (1877-1951), his younger brother.</subfield></datafield><datafield tag="546" ind1=" " ind2=" "><subfield code="a">Arabic.</subfield></datafield><datafield tag="561" ind1=" " ind2=" "><subfield code="a">Ownership / purchase statement on recto of front flyleaf (p.1) and on 'title page' (p.3) in name of ʻAbd Allāh ibn Muḥammad al-Ṣabbāgh, who purchased the book for a certain amount (in dirhams) from the son of al-Shaykh Muṣṭafá al-Ṣaḥḥāf in Shaʻbān of the year 1274 [March-April 1858], statement on p.1 reads "قد انتقل من ملك ابن الشيخ مصطفى الصحاف الى نوبة الفقير عبد الله ابن محمد الشهير بالصباغ آل بالشرى الشرعي الى نوبة المذكور بمبلغ من الدراهم في سنة اربع وسبعين ومائتين بعد الالف شهر شعبان المبارك في التاريخ المذكور سنه ۱۲۷٤" ; magic squares (awfāq) of order three on front flyleaf verso (p.2), one complete the other two incomplete ; two other ownership statements on 'title page' (p.3), one in name of Shaʻbān al-Azharī al-Shāfiʻī ( شعبان الازهري الشافعي ) another in name of Bakr ibn al-Ḥājj Muṣṭafá ibn al-Ḥājj Ḥasan [Ḥusayn?] ( بكر ابن الحاج مصطفى ابن الحاج حسن [حسين؟] ) dated 19 Dhū al-Ḥijjah 1147 [ca. 12 May 1735] in Mecca ; glosses and marginal corrections (many marked with signes de renvoi).</subfield></datafield><datafield tag="600" ind1="0" ind2="0"><subfield code="a">Muḥammad,</subfield><subfield code="c">Prophet,</subfield><subfield code="d">-632</subfield><subfield code="v">Biography</subfield><subfield code="v">Anecdotes</subfield><subfield code="v">Early works to 1800.</subfield></datafield><datafield tag="650" ind1=" " ind2="0"><subfield code="a">Manuscripts, Arabic</subfield><subfield code="z">Michigan</subfield><subfield code="z">Ann Arbor.</subfield></datafield><datafield tag="650" ind1=" " ind2="0"><subfield code="a">Islamic exempla</subfield><subfield code="v">Early works to 1800.</subfield></datafield><datafield tag="650" ind1=" " ind2="0"><subfield code="a">Caliphs</subfield><subfield code="v">Anecdotes</subfield><subfield code="v">Early works to 1800.</subfield></datafield><datafield tag="700" ind1="0" ind2=" "><subfield code="6">880-07</subfield><subfield code="a">ʻAbd Allāh ibn Muḥammad al-Ṣabbāgh,</subfield><subfield code="d">fl. 1858,</subfield><subfield code="e">former owner.</subfield></datafield><datafield tag="700" ind1="0" ind2=" "><subfield code="6">880-05</subfield><subfield code="a">Bakr ibn Muṣṭafá ibn Ḥasan,</subfield><subfield code="d">fl. 1735,</subfield><subfield code="e">former owner.</subfield></datafield><datafield tag="773" ind1="0" ind2=" "><subfield code="a">Yahuda Collection.</subfield></datafield><datafield tag="880" ind1="0" ind2=" "><subfield code="6">700-07/</subfield><subfield code="a">عبد الله بن محمد الصباغ,</subfield><subfield code="e">مالك سابق.</subfield></datafield><datafield tag="880" ind1="0" ind2=" "><subfield code="6">700-05/</subfield><subfield code="a">بكر بن مصطفى بن حسن,</subfield><subfield code="e">مالك سابق.</subfield></datafield><datafield tag="880" ind1="1" ind2="0"><subfield code="6">245-03/</subfield><subfield code="a">كتاب قمع النفوس ورقية المأيوس,</subfield><subfield code="f">[1022ه، 1613م].</subfield></datafield><datafield tag="880" ind1="1" ind2=" "><subfield code="6">100-01/</subfield><subfield code="a">حصني، تقي الدين ابو بكر بن محمد.</subfield></datafield><datafield tag="CID" ind1=" " ind2=" "><subfield code="a">006805288</subfield></datafield><datafield tag="DAT" ind1="0" ind2=" "><subfield code="a">20190719102637.0</subfield><subfield code="b">20190719000000.0</subfield></datafield><datafield tag="DAT" ind1="1" ind2=" "><subfield code="a">20190719090653.0</subfield><subfield code="b">2019-07-19T16:11:31Z</subfield></datafield><datafield tag="DAT" ind1="2" ind2=" "><subfield code="a">2015-10-02T18:00:03Z</subfield></datafield><datafield tag="CAT" ind1=" " ind2=" "><subfield code="a">SDR-MIU</subfield><subfield code="d">EX LIBRIS - ALEPH</subfield><subfield code="l">prepare.pl-004-008</subfield></datafield><datafield tag="FMT" ind1=" " ind2=" "><subfield code="a">BK</subfield></datafield><datafield tag="HOL" ind1=" " ind2=" "><subfield code="0">sdr-miu006805288</subfield><subfield code="a">MiU</subfield><subfield code="b">SDR</subfield><subfield code="c">MIU</subfield><subfield code="p">mdp.39015079127299</subfield><subfield code="s">MIU</subfield><subfield code="1">006805288</subfield></datafield><datafield tag="974" ind1=" " ind2=" "><subfield code="b">MIU</subfield><subfield code="c">MIU</subfield><subfield code="d">20190719</subfield><subfield code="s">lit-dlps-dc</subfield><subfield code="u">mdp.39015079127299</subfield><subfield code="y">1613</subfield><subfield code="r">pd</subfield><subfield code="q">bib</subfield><subfield code="t">non-US bib date1 &lt; 1896</subfield></datafield></record></collection>